@article{DBLP:journals/corr/NajdJ16,
  author       = {Shayan Najd and
                  Simon Peyton Jones},
  title        = {Trees That Grow},
  journal      = {CoRR},
  volume       = {abs/1610.04799},
  year         = {2016},
  url          = {http://arxiv.org/abs/1610.04799},
  eprinttype   = {arXiv},
  eprint       = {1610.04799},
  timestamp    = {Mon, 13 Aug 2018 16:47:09 +0200},
  biburl       = {https://dblp.org/rec/journals/corr/NajdJ16.bib},
  bibsource    = {dblp computer science bibliography, https://dblp.org}
}

